<record><leader>00000cas a22000007a 4500</leader><controlfield tag="001">10187252</controlfield><controlfield tag="008">831205d19291983ksuwr ne      0   a0eng d</controlfield><datafield ind1=" " ind2=" " tag="010"><subfield code="a">sn 83040981 </subfield></datafield><datafield ind1=" " ind2=" " tag="040"><subfield code="a">KSH</subfield><subfield code="b">eng</subfield><subfield code="c">KSH</subfield><subfield code="d">NPT</subfield><subfield code="d">OCLCQ</subfield></datafield><datafield ind1=" " ind2=" " tag="042"><subfield code="a">msc</subfield></datafield><datafield ind1=" " ind2=" " tag="043"><subfield code="a">n-us-ks</subfield></datafield><datafield ind1="0" ind2=" " tag="130"><subfield code="a">Clyde republican (Clyde, Kan. : 1929)</subfield></datafield><datafield ind1="1" ind2="4" tag="245"><subfield code="a">The Clyde republican.</subfield></datafield><datafield ind1=" " ind2=" " tag="260"><subfield code="a">Clyde, Kan. :</subfield><subfield code="b">Hoy Smith,</subfield><subfield code="c">1929-1983.</subfield></datafield><datafield ind1=" " ind2=" " tag="300"><subfield code="a">71 v. :</subfield><subfield code="b">ill. (chiefly advertisements) ;</subfield><subfield code="c">54 cm.</subfield></datafield><datafield ind1=" " ind2=" " tag="310"><subfield code="a">Weekly</subfield></datafield><datafield ind1="0" ind2=" " tag="362"><subfield code="a">Vol. 35, no. 21 (Mar. 14, 1929)-v. 105, no. 22 (Nov. 23, 1983).</subfield></datafield><datafield ind1=" " ind2=" " tag="752"><subfield code="a">United States</subfield><subfield code="b">Kansas</subfield><subfield code="c">Cloud</subfield><subfield code="d">Clyde.</subfield></datafield><datafield ind1="0" ind2="0" tag="780"><subfield code="t">Clyde voice-republican</subfield><subfield code="w">(DLC)sn 83040979</subfield></datafield><datafield ind1="0" ind2="5" tag="780"><subfield code="t">Jamestown settler</subfield><subfield code="g">Jan. 1983</subfield><subfield code="w">(DLC)sn 83040956</subfield></datafield><datafield ind1="0" ind2="0" tag="785"><subfield code="t">Republican (Clyde, Kan.)</subfield><subfield code="w">(DLC)sn 83041174</subfield></datafield></record>